@inproceedings{qmk08,
 author = {Zheng Qin and Michael D. McCool and Craig Kaplan},
 title = {Precise Vector Textures for Real-Time 3D Rendering},
 booktitle = {Proceedings of the 2008 symposium on Interactive 3D graphics and games},
 series = {I3D '08},
 year = {2008},
 pages = {199-206},
 url = {http://dl.acm.org/citation.cfm?id=1342281},
 doi = {10.1145/1342250.1342281},
 publisher = {ACM},
 address = {New York, NY, USA},
 keywords = {vector graphics, antialiasing, texture, distance to cubic spline curves},
} 

@misc{gro,
      author = "Khronos Group",
      title = "OpenGL ES",
      month = "http://www.khronos.org/opengles/",
      year = "",
      url = "http://www.khronos.org/opengles/"
}

@misc{ols,
      author = "Egon Olsen",
      title = "jPCT-AE",
      month = "http://www.jpct.net/jpct-ae/index.html",
      year = "",
      url = "http://www.jpct.net/jpct-ae/index.html"
}

@misc{fou,
      author = "The Eclipse Foundation",
      title = "Eclipse",
      month = "http://help.eclipse.org/kepler/index.jsp",
      year = "",
      url = "http://help.eclipse.org/kepler/index.jsp"
}

@misc{pro,
      author = "Android Open Source Project",
      title = "Android Development Tools",
      month = "http://developer.android.com/tools/sdk/eclipse-adt.html",
      year = "",
      url = "http://developer.android.com/tools/sdk/eclipse-adt.html"
}


